<record><leader>00000cas a22000007a 4500</leader><controlfield tag="001">19418890</controlfield><controlfield tag="008">890323d19021920mouwr ne      0    0eng d</controlfield><datafield ind1=" " ind2=" " tag="010"><subfield code="a">sn 89066073 </subfield></datafield><datafield ind1=" " ind2=" " tag="040"><subfield code="a">MQN</subfield><subfield code="b">eng</subfield><subfield code="c">MQN</subfield><subfield code="d">OCLCQ</subfield></datafield><datafield ind1=" " ind2=" " tag="042"><subfield code="a">msc</subfield></datafield><datafield ind1="0" ind2=" " tag="130"><subfield code="a">Louisiana press-journal (Louisiana, Mo. : 1902)</subfield></datafield><datafield ind1="1" ind2="0" tag="245"><subfield code="a">Louisiana press-journal.</subfield></datafield><datafield ind1="3" ind2="0" tag="246"><subfield code="a">Louisiana weekly journal and Louisiana press</subfield></datafield><datafield ind1=" " ind2=" " tag="260"><subfield code="a">Louisiana, Mo. :</subfield><subfield code="b">Joe Bowers,</subfield><subfield code="c">1902-1920.</subfield></datafield><datafield ind1=" " ind2=" " tag="300"><subfield code="a">v.</subfield></datafield><datafield ind1=" " ind2=" " tag="310"><subfield code="a">Weekly</subfield></datafield><datafield ind1="0" ind2=" " tag="362"><subfield code="a">Vol. 30, no. 34 (Mar. 20, 1902)-v. 66, no. 18 (Nov. 4, 1920).</subfield></datafield><datafield ind1=" " ind2=" " tag="500"><subfield code="a">Published as: Louisiana weekly journal and Louisiana press, Jan. 8, 1920-Nov. 4, 1920.</subfield></datafield><datafield ind1=" " ind2=" " tag="580"><subfield code="a">Added "journal" to title in remembrance of the Louisiana journal (Louisiana, Mo. : 1870).</subfield></datafield><datafield ind1=" " ind2=" " tag="752"><subfield code="a">United States</subfield><subfield code="b">Missouri</subfield><subfield code="c">Pike</subfield><subfield code="d">Louisiana.</subfield></datafield><datafield ind1="0" ind2=" " tag="775"><subfield code="t">Daily press-journal</subfield><subfield code="w">(DLC)sn 89066081</subfield></datafield><datafield ind1="0" ind2="0" tag="780"><subfield code="t">Louisiana Missouri press</subfield><subfield code="w">(DLC)sn 89066065</subfield></datafield><datafield ind1="0" ind2="0" tag="785"><subfield code="t">Louisiana journal and Louisiana press</subfield><subfield code="w">(DLC)sn 89066074</subfield></datafield><datafield ind1="1" ind2=" " tag="787"><subfield code="t">Louisiana journal (Louisiana, Mo. : 1870)</subfield><subfield code="w">(DLC)sn 85033999</subfield></datafield></record>